@book{rstudio,
  title={Getting Started with RStudio},
  author={Verzani, John},
  year={2011},
  publisher={O'Reilly Media, Inc.}
}

@article{beast2,
  title={BEAST 2: A Software Platform for Bayesian Evolutionary Analysis},
  author={Bouckaert, Remco and Heled, Joseph and K{\"u}hnert, Denise and Vaughan, Tim and Wu, Chieh-Hsi and Xie, Dong and Suchard, Marc A and Rambaut, Andrew and Drummond, Alexei J},
  journal={PLoS computational biology},
  volume={10},
  number={4},
  pages={e1003537},
  year={2014},
  publisher={Public Library of Science}
}

@book{beastbook,
  title={Bayesian evolutionary analysis with BEAST 2},
  author={Alexei J. Drummond and Remco R. Bouckaert},
  year={2014},
  publisher={To be published by CUP, preprint available at \url{http://beast2.org/book.html}}
}

@article{bouckaert2012mapping,
  title={Mapping the origins and expansion of the Indo-European language family},
  author={Bouckaert, Remco and Lemey, Philippe and Dunn, Michael and Greenhill, Simon J and Alekseyenko, Alexander V and Drummond, Alexei J and Gray, Russell D and Suchard, Marc A and Atkinson, Quentin D},
  journal={Science},
  volume={337},
  number={6097},
  pages={957--960},
  year={2012},
  publisher={American Association for the Advancement of Science}
}
@article{mutreja2011evidence,
  title={Evidence for several waves of global transmission in the seventh cholera pandemic},
  author={Mutreja, Ankur and Kim, Dong Wook and Thomson, Nicholas R and Connor, Thomas R and Lee, Je Hee and Kariuki, Samuel and Croucher, Nicholas J and Choi, Seon Young and Harris, Simon R and Lebens, Michael and others},
  journal={Nature},
  volume={477},
  number={7365},
  pages={462--465},
  year={2011},
  publisher={Nature Publishing Group}
}
@article{bunce2003extreme,
  title={Extreme reversed sexual size dimorphism in the extinct New Zealand moa Dinornis},
  author={Bunce, Michael and Worthy, Trevor H and Ford, Tom and Hoppitt, Will and Willerslev, Eske and Drummond, Alexei and Cooper, Alan},
  journal={Nature},
  volume={425},
  number={6954},
  pages={172--175},
  year={2003},
  publisher={Nature Publishing Group}
}
@article{gray2009language,
  title={Language phylogenies reveal expansion pulses and pauses in Pacific settlement},
  author={Gray, Russell D and Drummond, Alexei J and Greenhill, Simon J},
  journal={science},
  volume={323},
  number={5913},
  pages={479--483},
  year={2009},
  publisher={American Association for the Advancement of Science}
}

@article{weka,
  title={WEKA---Experiences with a Java Open-Source Project},
  author={Bouckaert, Remco R and Frank, Eibe and Hall, Mark A and Holmes, Geoffrey and Pfahringer, Bernhard and Reutemann, Peter and Witten, Ian H},
  journal={The Journal of Machine Learning Research},
  volume={9999},
  pages={2533--2541},
  year={2010},
  publisher={JMLR. org}
}
